@misc{Incremental-Prototype,
  author            = {GeeksforGeeks},
  title             = {Incremental Process Model â€“ Software Engineering},
  year              = 2024,
  howpublished      = {\url{https://www.geeksforgeeks.org/software-engineering-incremental-process-model/}}
}


% ==============================================================================
%                                   LPC Board                                     
% ============================================================================== 
@misc{LPC4088,
  author            = {Embedded Artists},
  title             = {LPC4088 Experiment Board User's Guide}, 
  howpublished      = {\url{https://www.embeddedartists.com/wp-content/uploads/2018/06/LPC4088_Experiment_BB_Users_Guide.pdf}},
  year              = 2018,
}

@misc{BaseBoard,
  author            = {Embedded Artists},
  title             = {LPC4088 Experiment Base Board rev A},
  howpublished      = {\url{https://www.embeddedartists.com/wp-content/uploads/2018/06/LPC4088_Experiment_Base_Board_revA.pdf}},
  year              = 2018,
}

% ==============================================================================
%                                  Algorithms                                 
% ============================================================================== 
@misc{goertzel,
  author            = {Embedded Staff},
  title             = {The Goertzel Algorithm},
  publisher         = {Embedded},
  howpublished      = {\url{https://www.embedded.com/the-goertzel-algorithm/?fbclid=IwAR1CeU0ya938tdRPBkJt_ZHIBENDMyAAQXJJz14zvLgF6puetrmW_8vPKnw}},
  year              = 2002
}
@misc{fft,
  author = {{Vanhunter Adams}},
  title = {{FFT}},
  year = {2024},
  howpublished = {\url{https://vanhunteradams.com/FFT/FFT.html}},
  note = {Accessed: 2024-05-20}
}

% ==============================================================================
%                                     Code                                     
% ============================================================================== 
@misc{nxp-cdl,
  author            = "Christopher Peplin",
  title             = "LPC177x\_8x EEPROM",
  howpublished      = {\url{https://github.com/openxc/nxp-cdl/tree/master/LPC177x_8xLib/inc}},
  year              = 2011
}

% ==============================================================================
%                                  Calculations                                
% ============================================================================== 
@misc{MIT-DA,
  title             = "The Physical Basis of Dimensional Analysis",
  author            = "Ain A. Sonin",
  year              = 1997,
  publisher         = "MIT Press",
  addendum          = {e-Book},
  howpublished      = {\url{https://web.mit.edu/2.25/www/pdf/DA_unified.pdf}}
}

@misc{itu-g711,
  title             = {{ITU-T Recommendation G.711: Pulse Code Modulation (PCM) of Voice Frequencies}},
  author            = {{International Telecommunication Union}},
  institution       = {{ITU-T}},
  year              = {1988},
  note              = {Published in Fascicle III.4 of the Blue Book},
  howpublished      = {\url{https://www.itu.int/rec/T-REC-G.711}}
}